<?xml version="1.0" encoding="UTF-8"?><collection xmlns="http://www.loc.gov/MARC21/slim"><record><leader>00437nam--2200133-i-4500</leader><controlfield tag="001">000029493</controlfield><controlfield tag="002">20161230</controlfield><controlfield tag="005">20161230201037</controlfield><controlfield tag="008">060222s1000------------r-----000-0-eng-d</controlfield><datafield ind1=" " ind2=" " tag="080"><subfield code="a">621.38.004.6</subfield></datafield><datafield ind1=" " ind2=" " tag="100"><subfield code="a">Lacatusu, V., Pitis, I</subfield></datafield><datafield ind1=" " ind2=" " tag="245"><subfield code="a">Agenti biologici care pot influenta siguranta in functionare a dispozitivelor electrotehnice</subfield></datafield><datafield ind1=" " ind2=" " tag="260"><subfield code="a">Bucuresti, Consiliul National  Al Inginerilor Si Tehnicienilor, 1969. 9p</subfield></datafield><datafield ind1=" " ind2=" " tag="852"><subfield code="a">31707</subfield></datafield></record></collection>